<?xml version="1.0" encoding="UTF-8"?><collection xmlns="http://www.loc.gov/MARC21/slim"><record><leader>00383nam--2200121-i-4500</leader><controlfield tag="001">000007303</controlfield><controlfield tag="002">20161230</controlfield><controlfield tag="005">20161230201027</controlfield><controlfield tag="008">060222s1000------------r-----000-0-eng-d</controlfield><datafield ind1=" " ind2=" " tag="100"><subfield code="a">Claeson, T.And Gerward, L</subfield></datafield><datafield ind1=" " ind2=" " tag="245"><subfield code="a">An x-ray camera for dislocation studies in nea rly perfect crystals</subfield></datafield><datafield ind1=" " ind2=" " tag="260"><subfield code="a">Goteborg, Scandinavian University Books, 1965</subfield></datafield><datafield ind1=" " ind2=" " tag="490"><subfield code="a">Trans.Chalmers Univ.Technol.,</subfield></datafield></record></collection>